<record><leader>00000cas a2200000 a 4500</leader><controlfield tag="001">12181148</controlfield><controlfield tag="008">850620d18861892ksuwr ne      0    0eng d</controlfield><datafield ind1=" " ind2=" " tag="010"><subfield code="a">sn 85029654 </subfield></datafield><datafield ind1=" " ind2=" " tag="040"><subfield code="a">KSH</subfield><subfield code="b">eng</subfield><subfield code="c">KSH</subfield><subfield code="d">NPT</subfield><subfield code="d">MQN</subfield><subfield code="d">OCL</subfield><subfield code="d">OCLCQ</subfield></datafield><datafield ind1=" " ind2=" " tag="042"><subfield code="a">msc</subfield></datafield><datafield ind1="0" ind2="4" tag="245"><subfield code="a">The Kansas Catholic.</subfield></datafield><datafield ind1=" " ind2=" " tag="260"><subfield code="a">Leavenworth, Kan. :</subfield><subfield code="b">[s.n.],</subfield><subfield code="c">1886-1892.</subfield></datafield><datafield ind1=" " ind2=" " tag="300"><subfield code="a">6 v. ;</subfield><subfield code="c">64 cm.</subfield></datafield><datafield ind1=" " ind2=" " tag="310"><subfield code="a">Weekly</subfield></datafield><datafield ind1="0" ind2=" " tag="362"><subfield code="a">Vol. 5, no. 18 (July 8, 1886)-v. 11, no. 29 (Oct. 6, 1892).</subfield></datafield><datafield ind1=" " ind2=" " tag="500"><subfield code="a">Published at Kansas City, Kan., Apr. 17, 1890-Oct. 6, 1892.</subfield></datafield><datafield ind1=" " ind2=" " tag="500"><subfield code="a">"The only Catholic newspaper published in Kansas."</subfield></datafield><datafield ind1=" " ind2=" " tag="752"><subfield code="a">United States</subfield><subfield code="b">Kansas</subfield><subfield code="c">Wyandotte</subfield><subfield code="d">Kansas City.</subfield></datafield><datafield ind1=" " ind2=" " tag="752"><subfield code="a">United States</subfield><subfield code="b">Kansas</subfield><subfield code="c">Leavenworth</subfield><subfield code="d">Leavenworth.</subfield></datafield><datafield ind1="0" ind2="0" tag="780"><subfield code="t">Catholic (Leavenworth, Kan.)</subfield><subfield code="w">(DLC)sn 85029652</subfield></datafield><datafield ind1="0" ind2="0" tag="785"><subfield code="t">Kansas City Catholic</subfield><subfield code="w">(DLC)sn 85029647</subfield></datafield></record>